

@misc{wikipedia:loremipsum,
  title = {Lorem Ipsum},
  howpublished = {\url{https://pl.wikipedia.org/wiki/Lorem_ipsum}},
  note = {Accessed: 2023-10-29}
}


@online{ebbinghausMemoryCurve,
  author       = {Hermann Ebbinghaus},
  title        = {Memory: A Contribution to Experimental Psychology},
  year         = {1885},
  url          = {https://psychclassics.yorku.ca/Ebbinghaus/memory5.htm},
  urldate      = {2024-05-11},
  note         = {Dostęp: 11 maja 2024, godz. 7:00},
  organization = {Classics in the History of Psychology}
}

@online{gamificationWiki,
  author       = {Wikipedia},
  title        = {Grywalizacja},
  year         = {2024},
  url          = {https://pl.wikipedia.org/wiki/Grywalizacja},
  urldate      = {2024-05-11},
  note         = {Dostęp: 11 maja 2024, godz. 8:40}
}

@online{ablyGamification,
  author       = {Ably},
  title        = {Gamification: How to Increase Active Users (MAU and DAU)},
  year         = {2024},
  url          = {https://ably.com/blog/how-to-increase-active-users},
  urldate      = {2024-05-11},
  note         = {Dostęp: 11 maja 2024, godz. 8:30}
}

@online{mielnikIntegrationTests,
  author       = {Tomasz Mielnik},
  title        = {Testy integracyjne},
  year         = {2024},
  url          = {https://testerzy.pl/baza-wiedzy/artykuly/testy-integracyjne},
  urldate      = {2024-05-31},
  note         = {Dostęp: 31 maja 2024, godz. 14:00}
}

@online{acceptanceTesting,
  author       = {Redakcja Testerzy.pl},
  title        = {Testowanie akceptacyjne},
  year         = {2024},
  url          = {https://testerzy.pl/baza-wiedzy/testowanie-akceptacyjne},
  urldate      = {2024-05-31},
  note         = {Dostęp: 31 maja 2024, godz. 15:00}
}






